
@InProceedings{	  aaltonen:2010:mav:1869542.1869567,
  author	= {Aaltonen, Kalle and Ihantola, Petri and Sepp\"{a}l\"{a},
		  Otto},
  title		= {Mutation Analysis vs. Code Coverage in Automated
		  Assessment of Students' Testing Skills},
  booktitle	= {Proc. of SPLASH},
  year		= {2010}
}

@InCollection{	  adamopolous2004,
  booktitle	= {Proc. of GECCO},
  year		= {2004},
  title		= {How to Overcome the Equivalent Mutant Problem and Achieve
		  Tailored Selective Mutation Using Co-evolution},
  author	= {Adamopoulos, Konstantinos and Harman, Mark and Hierons,
		  RobertM.}
}

@InProceedings{	  alspaugh:2007,
  author	= {Sara Alspaugh and Kristen R. Walcott and Michael Belanich
		  and Gregory M. Kapfhammer and Mary Lou Soffa},
  title		= {Efficient Time-Aware Prioritization with Knapsack
		  Solvers},
  booktitle	= {WEASELTech07: Proceedings of the ASE Workshop on Empirical
		  Assessment of Software Engineering Languages and
		  Technologies},
  year		= {2007},
  month		= {November},
  location	= {Atlanta, Georgia},
  address	= {Atlanta, Georgia}
}

@InProceedings{	  andersson2002,
  author	= {Andersson, Carina and Runeson, Per},
  title		= {Verification and Validation in Industry: A Qualitative
		  Survey on the State of Practice},
  booktitle	= {Proceedings of the 2002 International Symposium on
		  Empirical Software Engineering},
  year		= {2002}
}

@InProceedings{	  andrews2005mutation,
  title		= {Is mutation an appropriate tool for testing
		  experiments?},
  author	= {Andrews, James H and Briand, Lionel C and Labiche, Yvan},
  booktitle	= {Proc. of ICSE},
  year		= {2005},
}

@Article{	  andrews2006,
  author	= {Andrews, J.H. and Briand, L.C. and Labiche, Y. and Namin,
		  A.S.},
  journal	= {TSE},
  title		= {Using Mutation Analysis for Assessing and Comparing
		  Testing Coverage Criteria},
  year		= {2006},
  volume	= {32},
  number	= {8},
}

@InProceedings{	  arcuri2011,
  author	= {Arcuri, Andrea and Briand, Lionel},
  title		= {A Practical Guide for Using Statistical Tests to Assess
		  Randomized Algorithms in Software Engineering},
  booktitle	= {Proceedings of the 33rd International Conference on
		  Software Engineering},
  series	= {ICSE '11},
  year		= {2011}
}

@Article{	  arcuri2013,
  year		= {2013},
  issn		= {1382-3256},
  journal	= {Empirical Software Engineering},
  volume	= {18},
  number	= {3},
  title		= {Parameter tuning or default values? An empirical
		  investigation in search-based software engineering},
  author	= {Arcuri, Andrea and Fraser, Gordon},
  pages		= {594-623}
}

@InProceedings{	  assylbekov2013,
  author	= {Assylbekov, Berik and Gaspar, Erick and Uddin, Nasir and
		  Egan, Paul},
  title		= {Investigating the Correlation Between Mutation Score and
		  Coverage Score},
  booktitle	= {Proc of UKSim},
  year		= {2013}
}

@InProceedings{	  bacchelli2008,
  author	= {Bacchelli, Alberto and Ciancarini, Paolo and Rossi,
		  Davide},
  title		= {On the Effectiveness of Manual and Automatic Unit Test
		  Generation},
  booktitle	= {Proc. of ICSEA},
  year		= {2008}
}

@InProceedings{	  baresi2010,
  author	= {Baresi, Luciano and Lanzi, Pier Luca and Miraz, Matteo},
  title		= {TestFul: An Evolutionary Test Approach for Java},
  booktitle	= {Proceedings of the 2010 Third International Conference on
		  Software Testing, Verification and Validation},
  series	= {ICST '10},
  year		= {2010}
}

@Book{		  beizer1990,
  author	= {Boris Beizer},
  title		= {Software Testing Techniques},
  publisher	= {Van Nostrand Reinhold},
  year		= 1990,
  address	= {New York, New York}
}

@InProceedings{	  bhat:2006:eet:1159733.1159787,
  author	= {Bhat, Thirumalesh and Nagappan, Nachiappan},
  title		= {Evaluating the Efficacy of Test-driven Development:
		  Industrial Case Studies},
  booktitle	= {Proc. of ESEM},
  year		= {2006},
}

@InProceedings{	  cachia2013,
  author	= {Cachia, Mark Anthony and Micallef, Mark and Colombo,
		  Christian},
  year		= {2013},
  title		= {Addressing Practical Challenges of Mutation Testing},
  booktitle	= {VSSE 2013}
}

@InProceedings{	  cai:2005,
  author	= {Cai, Xia and Lyu, Michael R.},
  title		= {The Effect of Code Coverage on Fault Detection Under
		  Different Testing Profiles},
  booktitle	= {Proceedings of the 1st International Workshop on Advances
		  in Model-based Testing},
  series	= {A-MOST '05},
  year		= {2005}
}

@InProceedings{	  canfora:2006:eat:1159733.1159788,
  author	= {Canfora, Gerardo and Cimitile, Aniello and Garcia, Felix
		  and Piattini, Mario and Visaggio, Corrado Aaron},
  title		= {Evaluating Advantages of Test Driven Development: A
		  Controlled Experiment with Professionals},
  booktitle	= {Proc. of ISESE},
  year		= {2006},
}

@InProceedings{	  chan2005,
  author	= {Chan, Wing Kwon and Cheung, Shing Chi and Tse, Ti Hi },
  title		= {Fault-Based Testing of Database Application Programs with
		  Conceptual Data Model},
  booktitle	= {Proc. of QSIC},
  year		= {2005}
}

@InProceedings{	  clarke1998automated,
  title		= {Automated test generation from a behavioral model},
  author	= {Clarke, James M},
  year		= {1998},
    booktitle = {Proc. of PNSQC}
}

@Misc{		  CodePro1,
  title		= "{CodePro AnalytiX}: {Java} Code Quality and Security
		  Analyisis",
  note		= {(Accessed 06/01/2014)},
  howpublished	= {\url{https://developers.google.com/java-dev-tools/codepro/doc/}}
		  
}

@Misc{		  CodePro2,
  title		= {{CodePro AnalytiX for Eclipse, Rational and Websphere}:
		  Tools that make every developer a quality expert},
  note		= {(Accessed 06/01/2014)},
  howpublished	= {\url{https://google-web-toolkit.googlecode.com/files/CodePro-EvalGuide.pdf}}
		  
}

@InProceedings{	  comparingautomatedmutationtools:2013,
  author	= {Delahaye, M. and du Bousquet, L.},
  booktitle	= {Proc. of QSIC},
  title		= {A Comparison of Mutation Analysis Tools for {Java}},
  year		= {2013},
}

@Misc{		  coview,
  title		= {{CoView}},
  year		= "2006",
  howpublished	= {\url{http://www.codign.com}},
  note		= {(Accessed 06/01/2014)}
}

@Article{	  csallner2004,
  author	= {Csallner, Christoph and Smaragdakis, Yannis},
  title		= {{JCrasher}: An Automatic Robustness Tester for Java},
  journal	= {Softw. Pract. Exper.},
  volume	= {34},
  number	= {11},
  year		= {2004}
}

@Article{	  demillo1978hints,
  title		= {Hints on test data selection: Help for the practicing
		  programmer},
  author	= {DeMillo, Richard A and Lipton, Richard J and Sayward,
		  Frederick G},
  journal	= {Computer},
  volume	= {11},
  number	= {4},
  year		= {1978},
}

@Misc{		  do-178b,
  title		= {{DO-178B}: Software Considerations in Airborne Systems and
		  Equipment Certification},
  author	= {SC-167},
  howpublished	= {RTCA},
  year		= {1992}
}

@Misc{		  do-254,
  title		= {{DO-254}: Design Assurance Guidance for Airborne Electronic
		  Hardware},
  author	= {SC-180},
  howpublished	= {RTCA},
  year		= {2004}
}

@Article{	  do2006,
  author	= {Do, H. and Rothermel, G.},
  journal	= {TSE},
  title		= {On the Use of Mutation Faults in Empirical Assessments of
		  Test Case Prioritization Techniques},
  year		= {2006},
  volume	= {32},
  number	= {9},
}

@Article{	  frankl1993,
  author	= {Frankl, P. G. and Weiss, S. N.},
  title		= {An Experimental Comparison of the Effectiveness of Branch
		  Testing and Data Flow Testing},
  journal	= {IEEE Trans. Softw. Eng.},
  issue_date	= {August 1993},
  volume	= {19},
  number	= {8},
  year		= {1993}
}

@Article{	  frankl1997,
  author	= {Phyllis G. Frankl and Stewart N. Weiss and Cang Hu},
  title		= {All-uses vs mutation testing: An experimental comparison
		  of effectiveness},
  journal	= {JSS},
  volume	= {38},
  number	= {3},
  year		= {1997}
}

@InProceedings{	  fraser2013a,
  author	= {Fraser, Gordon and Arcuri, Andrea},
  title		= {EvoSuite at the {SBST} 2013 Tool Competition},
  booktitle	= {Proc. of SBST},
  year		= {2013},
}

@Article{	  fraser2013b,
  author	= {Gordon Fraser and Andrea Arcuri},
  title		= {Whole Test Suite Generation},
  journal	= {IEEE Transactions on Software Engineering},
  volume	= {39},
  number	= {2},
  issn		= {0098-5589},
  year		= {2013},
  pages		= {276-291},
  doi		= {http://doi.ieeecomputersociety.org/10.1109/TSE.2012.14},
  publisher	= {IEEE Computer Society},
  address	= {Los Alamitos, CA, USA}
}

@InProceedings{	  fraser2013c,
  author	= {Fraser, Gordon and Staats, Matt and McMinn, Phil and
		  Arcuri, Andrea and Padberg, Frank},
  title		= {Does Automated White-box Test Generation Really Help
		  Software Testers?},
  booktitle	= {Proc. of ISSTA},
  year		= {2013}
}

@InProceedings{	  fraser:2010:mgu:1831708.1831728,
  author	= {Fraser, Gordon and Zeller, Andreas},
  title		= {Mutation-driven Generation of Unit Tests and Oracles},
  booktitle	= {Proceedings of the 19th International Symposium on
		  Software Testing and Analysis},
  series	= {ISSTA '10},
  year		= {2010},
  isbn		= {978-1-60558-823-0},
  location	= {Trento, Italy},
  pages		= {147--158},
  numpages	= {12},
  url		= {http://doi.acm.org/10.1145/1831708.1831728},
  doi		= {10.1145/1831708.1831728},
  acmid		= {1831728},
  publisher	= {ACM},
  address	= {New York, NY, USA},
  keywords	= {assertions, mutation analysis, mutation testing, search
		  based testing, test case generation, test oracles, unit
		  testing}
}

@InProceedings{	  fraser:2011:eat:2025113.2025179,
  author	= {Fraser, Gordon and Arcuri, Andrea},
  title		= {{EvoSuite}: Automatic Test Suite Generation for
		  Object-oriented Software},
  booktitle	= {Proc. of ESEC/FSE},
  year		= {2011},
}

@InProceedings{	  fraser:2012,
  author	= {Gordon Fraser and Andrea Arcuri},
  title		= "Sound Empirical Evidence in Software Testing",
  year		= {2012},
  booktitle	= {Proc. of ICSE},
}

@Article{	  garousi2013,
  title		= "A survey of software testing practices in Canada ",
  journal	= "Journal of Systems and Software ",
  volume	= "86",
  number	= "5",
  pages		= "1354 - 1376",
  year		= "2013"
}

@Article{	  gelperin:1988:gst:62959.62965,
  author	= {Gelperin, D. and Hetzel, B.},
  title		= {The Growth of Software Testing},
  journal	= {CACM},
  volume	= {31},
  number	= {6},
  year		= {1988},
}

@InProceedings{	  gligoric2013,
  author	= {Gligoric, Milos and Groce, Alex and Zhang, Chaoqiang and
		  Sharma, Rohan and Alipour, Mohammad Amin and Marinov,
		  Darko},
  title		= {Comparing Non-adequate Test Suites Using Coverage
		  Criteria},
  booktitle	= {Proc. of ISSTA},
  year		= {2013}
}

@InProceedings{	  gopinath2014,
  author	= {Gopinath, Rahul and Jensen, Carlos and Groce, Alex},
  title		= {Code Coverage for Suite Evaluation by Developers},
  booktitle	= {Proc. of ICSE},
  year		= {2014}
}

@InProceedings{	  grun2009,
  author	= {Grun, B.J.M. and Schuler, D. and Zeller, A.},
  booktitle	= {Proc. of Mutation},
  year		= {2009},
  title		= {The Impact of Equivalent Mutants}
}

@Article{	  gupta2008,
  author	= {Gupta, Atul and Jalote, Pankaj},
  title		= {An Approach for Experimentally Evaluating Effectiveness
		  and Efficiency of Coverage Criteria for Software Testing},
  journal	= {Int. J. Softw. Tools Technol. Transf.},
  issue_date	= {February 2008},
  volume	= {10},
  number	= {2},
  year		= {2008}
}

@Book{		  hamlet-maybee-engin2001,
  author	= {Dick Hamlet and Joe Maybee},
  title		= {The Engineering of Software},
  publisher	= {Addison Wesley},
  year		= 2001,
  address	= {Boston, MA}
}

@Article{	  hamlet1977testing,
  title		= {Testing programs with the aid of a compiler},
  author	= {Hamlet, Richard G.},
  journal	= {TSE},
  number	= {4},
  year		= {1977},
}

@Article{	  hierons1999,
  author	= {Hierons, Rob and Harman, Mark and Danicic, Sebastian},
  title		= {Using program slicing to assist in the detection of
		  equivalent mutants},
  journal	= {JSTVR},
  volume	= {9},
  number	= {4},
  year		= {1999}
}

@Misc{		  iec61508,
  title		= {{IEC 61508}: Functional Safety of
		  Electrical/Electronic/Programmable Electronic
		  Safety-related Systems},
  howpublished	= {IEC},
  year		= {1998}
}

@InProceedings{	  inozemtseva2014,
  author	= {Inozemtseva, Laura and Holmes, Reid},
  title		= {Coverage is Not Strongly Correlated with Test Suite
		  Effectiveness},
  booktitle	= {Proc. of ICSE},
  year		= {2014}
}

@InProceedings{	  irvine2007,
  title		= {Jumble Java byte code to measure the effectiveness of unit
		  tests},
  author	= {Irvine, Sean A and Pavlinic, Tin and Trigg, Leonard and
		  Cleary, John G and Inglis, Stuart and Utting, Mark},
  booktitle	= {TAICPART 2007},
  year		= {2007}
}

@Misc{		  jacoco,
  title		= {{JaCoCo} {Java} Code Coverage Library},
  howpublished	= {\url{http://www.eclemma.org/jacoco/}},
  note		= {(Accessed 06/01/2014)}
}

@Article{	  jia2009,
  author	= {Jia, Y. and Harman, M.},
  title		= {Higher Order Mutation Testing},
  journal	= {Information and Software Technology},
  volume	= {51},
  number	= {10},
  pages		= {1379--1393},
  year		= {2009}
}

@Article{	  jia2011,
  author	= {Jia, Y. and Harman, M.},
  journal	= {TSE},
  title		= {An Analysis and Survey of the Development of Mutation
		  Testing},
  year		= {2011},
  volume	= {37},
  number	= {5}
}

@Misc{		  junitdoclet,
  title		= {{JUnitDoclet}},
  howpublished	= {\url{http://www.junitdoclet.org/}},
  note		= {(Accessed 06/01/2014)}
}

@InProceedings{	  just2011,
  author	= {Just, Ren{\'e} and Kapfhammer, Gregory M. and Schweiggert,
		  Franz},
  title		= {Using conditional mutation to increase the efficiency of
		  mutation analysis},
  booktitle	= {Proc. of AST},
  year		= {2011},
}

@InProceedings{	  just2011a,
  author	= {Just, Rene and Schweiggert, Franz and Kapfhammer, Gregory
		  M.},
  title		= {MAJOR: An Efficient and Extensible Tool for Mutation
		  Analysis in a Java Compiler},
  booktitle	= {Proceedings of the 2011 26th IEEE/ACM International
		  Conference on Automated Software Engineering},
  series	= {ASE '11},
  year		= {2011},
  isbn		= {978-1-4577-1638-6},
  pages		= {612--615},
  numpages	= {4},
  url		= {http://dx.doi.org/10.1109/ASE.2011.6100138},
  doi		= {10.1109/ASE.2011.6100138},
  acmid		= {2190146},
  publisher	= {IEEE Computer Society},
  address	= {Washington, DC, USA}
}

@InProceedings{	  just2011b,
  author	= {Just, Ren\'{e} and Schweiggert, Franz and Kapfhammer,
		  Gregory M.},
  title		= {{MAJOR}: An Efficient and Extensible Tool for Mutation
		  Analysis in a {Java} Compiler},
  booktitle	= {Proc. of ASE},
  year		= {2011}
}

@InProceedings{	  just2012,
  author	= {Just, Ren\'{e} and Kapfhammer, Gregory M. and Schweiggert,
		  Franz},
  title		= {Do Redundant Mutants Affect the Effectiveness and
		  Efficiency of Mutation Analysis?},
  booktitle	= {Proc. of Mutation},
  year		= {2012}
}

@TechReport{	  just2014,
  author	= {Just, René and Jalali, Darioush and Inozemtseva, Laura
		  and Ernst, Michael D. and Holmes, Reid and Fraser, Gordon},
  title		= {Are Mutants a Valid Substitute for Real Faults in Software
		  Testing?},
  institution	= {University of Washington},
  number	= {UW-CSE-14-02-02},
  year		= {2014}
}

@Book{		  kaner-tcs,
  author	= {Cem Kaner and Jack Falk and Hung Quoc Hguyen},
  title		= {Testing Computer Software},
  publisher	= {International Thompson Computer Press},
  year		= 1993,
  address	= {London, UK}
}

@InBook{	  kapfhammer-testing-handbook,
  author	= {Gregory M. Kapfhammer},
  editor	= {Allen Tucker},
  title		= {The Computer Science and Engineering Handbook},
  chapter	= {Chapter 105: Software Testing},
  year		= {2004},
  edition	= {Second}
}

@Manual{	  kendallcran,
  title		= {Kendall: Kendall rank correlation and Mann-Kendall trend
		  test},
  author	= {A.I. McLeod},
  year		= {2011},
  note		= {R package version 2.2},
  url		= {http://CRAN.R-project.org/package=Kendall}
}

@InProceedings{	  kochhar2013,
  author	= {Kochhar, P.S. and Bissyande, T.F. and Lo, D. and Lingxiao
		  Jiang},
  booktitle	= {Proc. of QSIC},
  title		= {An Empirical Study of Adoption of Software Testing in Open
		  Source Projects},
  year		= {2013},
}

@Article{	  kraemer2003,
  title		= {Measures of clinical significance},
  author	= {Kraemer, Helena Chmura and Morgan, George A and Leech,
		  Nancy L and Gliner, Jeffrey A and Vaske, Jerry J and
		  Harmon, Robert J},
  journal	= {Journal of the American Academy of Child \& Adolescent
		  Psychiatry},
  volume	= {42},
  number	= {12},
  pages		= {1524--1529},
  year		= {2003}
}

@InProceedings{	  langdon2009,
  author	= {Langdon, W.B. and Harman, M. and Jia, Yue},
  title		= {Multi Objective Higher Order Mutation Testing with Genetic
		  Programming},
  booktitle	= {TAIC PART 2009},
  pages		= {21--29}
}

@misc{	  leejavancss,
  title		= {{JavaNCSS}-a source measurement suite for {Java}},
  author	= {Lee, Clemens},
  howpublished = {\url{http://javancss.codehaus.org}},
  note		= {(Accessed 06/01/2014)}
}

@InProceedings{	  leitner2007,
  author	= {Leitner, A. and Ciupa, I. and Meyer, B. and Howard, M.},
  booktitle	= {System Sciences, 2007. HICSS 2007. 40th Annual Hawaii
		  International Conference on},
  title		= {Reconciling Manual and Automated Testing: The AutoTest
		  Experience},
  year		= {2007},
  month		= {Jan},
  pages		= {261a-261a},
  keywords	= {automatic programming;program testing;software
		  reliability;AutoTest tool;automated software testing;manual
		  software testing;software reliability;systematic
		  contract-driven testing;test case;Automatic
		  testing;Computer bugs;Computer science;Conference
		  management;Contracts;Databases;Investments;Software
		  engineering;Software testing;System testing},
  doi		= {10.1109/HICSS.2007.462},
  issn		= {1530-1605}
}

@InProceedings{	  li2009,
  author	= {Nan Li and Praphamontripong, U. and Offutt, J.},
  booktitle	= {Proc. of Mutation},
  title		= {An Experimental Comparison of Four Unit Test Criteria:
		  Mutation, Edge-Pair, All-Uses and Prime Path Coverage},
  year		= {2009}
}

@Article{	  ma2005,
  author	= {Ma, Yu-Seung and Offutt, Jeff and Kwon, Yong Rae},
  title		= {{MuJava}: an automated class mutation system},
  journal	= {STVR},
  volume	= {15},
  number	= {2},
  optpages	= {97--133},
  year		= {2005}
}

@InCollection{	  mantyla2010,
  booktitle	= {Proc. of RESER},
  year		= {2010},
  title		= {Rethinking Replication in Software Engineering: Can We See
		  the Forest for the Trees?},
  author	= {Mika V. Mäntylä and Casper Lassenius and Jari Vanhanen}
}

@InProceedings{	  marick1999,
  author	= {Brian Marick},
  title		= {How to Misuse Code Coverage},
  booktitle	= {Proceedings of the 16th International Conference on
		  Testing Computer Software},
  year		= 1999,
  address	= {Washington, D.C.},
  month		= {June, 16--18}
}

@InProceedings{	  marinov:2001:tnf:872023.872551,
  author	= {Marinov, Darko and Khurshid, Sarfraz},
  title		= {{TestEra}: A Novel Framework for Automated Testing of {Java}
		  Programs},
  booktitle	= {Proc. of ASE},
  year		= {2001},
}

@InProceedings{	  mockus2009,
  author	= {Mockus, A. and Nagappan, N. and Dinh-Trong, T.T.},
  booktitle	= {Proc. of ISESE},
  title		= {Test coverage and post-verification defects: A multiple
		  case study},
  year		= {2009},
}

@Misc{		  moreunit,
  title		= {{MoreUnit} {Eclipse} plugin},
  howpublished	= {\url{http://moreunit.sourceforge.net/}},
  note		= {(Accessed 06/01/2014)}
}

@InProceedings{	  namin2008,
  author	= {Siami Namin, Akbar and Andrews, James H. and Murdoch,
		  Duncan J.},
  title		= {Sufficient mutation operators for measuring test
		  effectiveness},
  booktitle	= {ICSE 2008},
  pages		= {351--360}
}

@InProceedings{	  namin2009,
  author	= {Namin, Akbar Siami and Andrews, James H.},
  title		= {The Influence of Size and Coverage on Test Suite
		  Effectiveness},
  booktitle	= {Proc. of ISSTA},
  year		= {2009}
}

@InProceedings{	  offutt1992,
  author	= {A. Jefferson Offutt and Roy P. Pargas and Scott V. Fichter
		  and Prashant K. Khambekar},
  title		= {Mutation Testing of Software Using a {MIMD} Computer},
  booktitle	= {Proc. of ICPP},
  year		= {1992}
}

@TechReport{	  offutt1996,
  author	= {Offutt, A. Jefferson and Voas, Jeff and Payne, Jeff},
  title		= {Mutation operators for {Ada}},
  institution	= {Department of Information and Software Systems
		  Engineering, George Mason University},
  year		= {1996}
}

@Article{	  offutt1997,
  author	= {Offutt, A. Jefferson and Pan, Jie},
  title		= {Automatically detecting equivalent mutants and infeasible
		  paths},
  journal	= {JSTVR},
  volume	= {7},
  number	= {3},
  year		= {1997}
}

@Article{	  offutt2001,
  title		= {Mutation 2000: Uniting the Orthogonal},
  author	= {Jefferson, O.A. and Offutt, A.J. and Untch, R.J.},
  journal	= {Mutation Testing in the Twentieth and the Twenty First
		  Centuries},
  pages		= {45--55},
  year		= {2001}
}

@InProceedings{	  pacheco2007feedback,
  title		= {Feedback-directed random test generation},
  author	= {Pacheco, Carlos and Lahiri, Shuvendu K and Ernst, Michael
		  D and Ball, Thomas},
  booktitle	= {Proc. of ICSE},
  year		= {2007},
}

@InProceedings{	  pandey:2012:gac:2381716.2381766,
  author	= {Pandey, Hari Mohan and Dixit, Anurag and Mehrotra,
		  Deepti},
  title		= {Genetic Algorithms: Concepts, Issues and a Case Study of
		  Grammar Induction},
  booktitle	= {Proceedings of the CUBE International Information
		  Technology Conference},
  series	= {CUBE '12},
  year		= {2012},
  isbn		= {978-1-4503-1185-4},
  location	= {Pune, India},
  pages		= {263--271},
  numpages	= {9},
  url		= {http://doi.acm.org/10.1145/2381716.2381766},
  doi		= {10.1145/2381716.2381766},
  acmid		= {2381766},
  publisher	= {ACM},
  address	= {New York, NY, USA},
  keywords	= {context free grammar, evolutionary algorithms, genetic
		  algorithms, language learning}
}

@Article{	  pargas1999,
  author	= {Roy Pargas and Mary Jean Harrold and Robert Peck},
  title		= {Test Data Generation Using Genetic Algorithms},
  journal	= {Journal of Software Testing, Verification, and
		  Reliability},
  year		= 1999,
  volume	= 9,
  pages		= {263--282},
  month		= {September}
}

@InProceedings{	  pettichord1999,
  author	= {Bret Pettichord},
  title		= {Seven Steps to Test Automation Success},
  booktitle	= {Proceedings of the International Conference on Software
		  Testing, Analysis, and Review},
  year		= 1999,
  address	= {San Jose, CA},
  month		= {November}
}

@Misc{		  pit2014,
  author	= {Henry Coles},
  title		= {{PIT}},
  howpublished	= {http://pitest.org/},
  note		= {(Accessed 06/01/2014)}
}

@Article{	  rosenblum-coverage-predict1997,
  author	= {David S. Rosenblum and Elaine J. Weyuker},
  title		= {Using Coverage Information to Predict the
		  Cost-Effectiveness of Regression Testing Strategies},
  journal	= {IEEE Trans. Softw. Eng.},
  volume	= {23},
  number	= {3},
  year		= {1997},
  optissn	= {0098-5589},
  pages		= {146--156},
  doi		= {http://dx.doi.org/10.1109/32.585502},
  publisher	= {IEEE Press},
  address	= {Piscataway, NJ, USA}
}

@InProceedings{	  schuler2009,
  author	= {Schuler, David and Zeller, Andreas},
  title		= {Javalanche: {Efficient mutation testing for Java}},
  booktitle	= {Proc. of ESEC/FSE},
  year		= {2009}
}

@InProceedings{	  schuler2009b,
  author	= {Schuler, David and Dallmeier, Valentin and Zeller,
		  Andreas},
  title		= {Efficient mutation testing by checking invariant
		  violations},
  booktitle	= {ISSTA 2009},
  pages		= {69--80}
}

@InProceedings{	  schuler2010,
  author	= {Schuler, D. and Zeller, A.},
  booktitle	= {Proc. of ICST},
  year		= {2010},
  title		= {({U}n-)Covering Equivalent Mutants}
}

@InProceedings{	  shams2013,
  author	= {Shams, Zalia and Edwards, Stephen H.},
  title		= {Toward Practical Mutation Analysis for Evaluating the
		  Quality of Student-written Software Tests},
  booktitle	= {Proc. of ICER},
  year		= {2013}
}

@InProceedings{	  staats2012,
  author	= {Staats, Matt and Gay, Gregory and Heimdahl, Mats P. E.},
  title		= {Automated oracle creation support, or: how {I} learned to
		  stop worrying about fault propagation and love mutation
		  testing},
  booktitle	= {ICSE 2012},
  pages		= {870--880},
  numpages	= {11}
}

@TechReport{	  tassey2002,
  title		= {The Economic Impacts of Inadequate Infrastructure for
		  Software Testing},
  author	= {George Tassey},
  year		= {2002},
  institution	= {Planning Report 02-3, NIST}
}

@InProceedings{	  untch1992,
  author	= {Untch, Roland H.},
  title		= {Mutation-based software testing using program schemata},
  booktitle	= {Southeast Regional Conference 1992},
  pages		= {285--291}
}

@InProceedings{	  untch1993,
  author	= {Untch, Roland H. and Offutt, A. Jefferson and Harrold,
		  Mary Jean},
  title		= {Mutation Analysis using Mutant Schemata},
  booktitle	= {Proc. of ISSTA},
  year		= {1993},
  optpages	= {139--148}
}

@Article{	  vargha2000,
  author	= {Vargha, András and Delaney, Harold D.},
  title		= {A Critique and Improvement of the {CL} Common Language
		  Effect Size Statistics of {McGraw} and {Wong}},
  volume	= {25},
  number	= {2},
  optpages	= {101--132},
  year		= {2000},
  journal	= {Jour. of Educ. and Behav. Stat.}
}

@Article{	  vizard2013,
  author	= {Michael Vizard},
  title		= {App Testing Now Consumes a Quarter of {IT} Budget},
  journal	= {{CIO} Insight},
  year		= {2013}
}

@Misc{		  vogella2013,
  title		= {Unit Testing with {JUnit} - Tutorial},
  author	= {Lars Vogella},
  note		= {(Accessed 06/01/2014)},
  howpublished	= {\url{http://www.vogella.com/tutorials/JUnit/article.html}}
}

@Article{	  weyuker1988evaluation,
  title		= {The evaluation of program-based software test data
		  adequacy criteria},
  author	= {Weyuker, Elaine J.},
  journal	= {CACM},
  volume	= {31},
  number	= {6},
  year		= {1988},
}

@InProceedings{	  wong:effective1995,
  author	= {{W. Eric} Wong and {Joseph R.} Horgan and Saul London and
		  {Aditya P.} Mathur},
  title		= {Effect of Test Set Size and Block Coverage on the Fault
		  Detection Effectiveness},
  booktitle	= {Proceedings of the Seventeenth International Conference on
		  Software Engineering},
  pages		= {41-50},
  year		= {April 1995},
  source	= {citeseer.nj.nec.com/520121.html}
}

@TechReport{	  xie2009,
  title		= {Improving automation in developer testing: State of the
		  practice},
  author	= {Xie, Tao},
  year		= {2009},
  institution	= {North Carolina State University}
}

@InProceedings{	  zhang2012,
  author	= {Zhang, Lingming and Marinov, Darko and Zhang, Lu and
		  Khurshid, Sarfraz},
  title		= {Regression mutation testing},
  booktitle	= {ISSTA 2012},
  year		= {2012},
  pages		= {331--341}
}

@InProceedings{	  zhang2013,
  author	= {Zhang, Lingming and Marinov, Darko and Khurshid, Sarfraz},
  title		= {Faster Mutation Testing Inspired by Test Prioritization
		  and Reduction},
  booktitle	= {Proceedings of the 2013 International Symposium on
		  Software Testing and Analysis},
  year		= {2013}
}

@InProceedings{	  zhang2013,
  author	= {Zhang, Lingming and Marinov, Darko and Khurshid, Sarfraz},
  title		= {Faster Mutation Testing Inspired by Test Prioritization
		  and Reduction},
  booktitle	= {Proceedings of the 2013 International Symposium on
		  Software Testing and Analysis},
  year		= {2013}
}

@InProceedings{	  zhang:2011:pha:1985793.1986036,
  author	= {Zhang, Sai},
  title		= {Palus: A Hybrid Automated Test Generation Tool for {Java}},
  booktitle	= {Proc. of ICSE},
  year		= {2011}
}

@Article{	  zhu1997software,
  title		= {Software unit test coverage and adequacy},
  author	= {Zhu, Hong and Hall, Patrick AV and May, John HR},
  journal	= {CSUR},
  volume	= {29},
  number	= {4},
  year		= {1997},
}
